<record><leader>00000cas a22000007a 4500</leader><controlfield tag="001">16651226</controlfield><controlfield tag="008">870908d18571858pauwr ne      0    0eng d</controlfield><datafield ind1=" " ind2=" " tag="010"><subfield code="a">sn 87080504 </subfield></datafield><datafield ind1=" " ind2=" " tag="040"><subfield code="a">NPH</subfield><subfield code="b">eng</subfield><subfield code="c">NPH</subfield><subfield code="d">OCLCQ</subfield><subfield code="d">DLC</subfield></datafield><datafield ind1=" " ind2=" " tag="042"><subfield code="a">msc</subfield></datafield><datafield ind1="0" ind2=" " tag="130"><subfield code="a">Commonwealth (Washington, Washington County, Pa. : 1857)</subfield></datafield><datafield ind1="1" ind2="4" tag="245"><subfield code="a">The commonwealth.</subfield></datafield><datafield ind1=" " ind2=" " tag="260"><subfield code="a">Washington, Pa. :</subfield><subfield code="b">Moore &amp; Co.,</subfield><subfield code="c">1857-</subfield></datafield><datafield ind1=" " ind2=" " tag="300"><subfield code="a">v. ;</subfield><subfield code="c">66 cm.</subfield></datafield><datafield ind1=" " ind2=" " tag="310"><subfield code="a">Weekly</subfield></datafield><datafield ind1="0" ind2=" " tag="362"><subfield code="a">Vol. 9, no. 52 (June 24, 1857)- =whole no. 468-</subfield></datafield><datafield ind1="1" ind2=" " tag="362"><subfield code="a">Ceased with Apr. 1, 1858 issue?</subfield></datafield><datafield ind1=" " ind2=" " tag="752"><subfield code="a">United States</subfield><subfield code="b">Pennsylvania</subfield><subfield code="c">Washington</subfield><subfield code="d">Washington.</subfield></datafield><datafield ind1="0" ind2="0" tag="780"><subfield code="t">Washington commonwealth</subfield><subfield code="w">(DLC)sn 86054001</subfield></datafield></record>